<?xml version="1.0" encoding="UTF-8" ?>
<collection xmlns:xsi="http://www.w3.org/2001/XMLSchema-instance"
    xsi:schemaLocation="http://www.loc.gov/MARC21/slim
        http://www.loc.gov/standards/marcxml/schema/MARC21slim.xsd"
    xmlns="http://www.loc.gov/MARC21/slim">
<record>
  <leader>00197cam a2200349 i 4500</leader>
  <controlfield tag="001">b12350783</controlfield>
  <controlfield tag="003">LeBAU</controlfield>
  <controlfield tag="005">20170118</controlfield>
  <controlfield tag="008">970216s1910    sy            000 0 ara d</controlfield>
  <datafield tag="035" ind1=" " ind2=" ">
    <subfield code="a">ocn784232087</subfield>
  </datafield>
  <datafield tag="040" ind1=" " ind2=" ">
    <subfield code="a">LEAUB</subfield>
    <subfield code="b">ara</subfield>
    <subfield code="e">rda</subfield>
    <subfield code="c">LEAUB</subfield>
    <subfield code="d">LEAUB</subfield>
  </datafield>
  <datafield tag="082" ind1="0" ind2="4">
    <subfield code="a">297.124</subfield>
    <subfield code="2">22</subfield>
  </datafield>
  <datafield tag="100" ind1="1" ind2=" ">
    <subfield code="6">880-01</subfield>
    <subfield code="a">Kattānī, Muḥammad ibn Jaʻfar,</subfield>
    <subfield code="d">1857 or 1858-1927,</subfield>
    <subfield code="e">author.</subfield>
  </datafield>
  <datafield tag="245" ind1="1" ind2="0">
    <subfield code="6">880-02</subfield>
    <subfield code="a">Naẓm al-mutanāthir fī al-ḥadīth al-mutawātir /</subfield>
    <subfield code="c">taʼlīf al-shaykh al-imām al-faqīh al-muḥaddith al-‘allāmah al-muḥaqqiq Abī ʻAbd Allāh Muḥammad ibn Abī al-Fayḍ Jaʻfar al-Ḥasanī al-Idrīsī al-Kattānī.</subfield>
  </datafield>
  <datafield tag="264" ind1=" " ind2="1">
    <subfield code="6">880-03</subfield>
    <subfield code="a">Ḥalab, Sūriyah :</subfield>
    <subfield code="b">Dār al-Maʻārif,</subfield>
    <subfield code="c">1328 H., [1910? M.]</subfield>
  </datafield>
  <datafield tag="300" ind1=" " ind2=" ">
    <subfield code="6">880-04</subfield>
    <subfield code="a">157 pages ;</subfield>
    <subfield code="c">25 cm</subfield>
  </datafield>
  <datafield tag="336" ind1=" " ind2=" ">
    <subfield code="a">text</subfield>
    <subfield code="b">txt</subfield>
    <subfield code="2">rdacontent</subfield>
  </datafield>
  <datafield tag="337" ind1=" " ind2=" ">
    <subfield code="a">unmediated</subfield>
    <subfield code="b">n</subfield>
    <subfield code="2">rdamedia</subfield>
  </datafield>
  <datafield tag="338" ind1=" " ind2=" ">
    <subfield code="a">volume</subfield>
    <subfield code="b">nc</subfield>
    <subfield code="2">rdacarrier</subfield>
  </datafield>
  <datafield tag="520" ind1="2" ind2=" ">
    <subfield code="a">"جمع المؤلف في هذا الكتاب جملة وافرة من الأحاديث المتواترة ورتبه ترتيبًا موضوعيًا، مردفًا كل حديث بما يثبت تواتره من تعدد رواته، ومقرونًا بحكم العلماء عليه، وترجع أهمية الكتاب إلى ضمه لكثير من الأحاديث المتواترة، التي أوجب العلماء العمل بها."</subfield>
  </datafield>
  <datafield tag="588" ind1=" " ind2=" ">
    <subfield code="a">أخذ هذا المستخلص من: http://www.al-eman.com/%D8%A7%D9%84%D9%83%D8%AA%D8%A8/%D9%86%D8%B8%D9%85%20%D8%A7%D9%84%D9%85%D8%AA%D9%86%D8%A7%D8%AB%D8%B1%20%D9%85%D9%86%20%D8%A7%D9%84%D8%AD%D8%AF%D9%8A%D8%AB%20%D8%A7%D9%84%D9%85%D8%AA%D9%88%D8%A7%D8%AA%D8%B1%20**/i24&amp;p1 (تاريخ زيارة الموقع: 18/01/2017)</subfield>
  </datafield>
  <datafield tag="650" ind1=" " ind2="4">
    <subfield code="a">الحديث</subfield>
    <subfield code="x">إسناد.</subfield>
  </datafield>
  <datafield tag="650" ind1=" " ind2="0">
    <subfield code="a">Hadith</subfield>
    <subfield code="x">Evidences, authority, etc..</subfield>
  </datafield>
  <datafield tag="852" ind1=" " ind2=" ">
    <subfield code="a">Jafet Library</subfield>
    <subfield code="e">American University of Beirut, Bliss Street, Beirut, Lebanon.</subfield>
  </datafield>
  <datafield tag="880" ind1="1" ind2=" ">
    <subfield code="6">100-01/(3/r</subfield>
    <subfield code="a">الكتاني، محمد بن جعفر،</subfield>
    <subfield code="d">1857 او 1858-1927،</subfield>
    <subfield code="e">مؤلف. </subfield>
    <subfield code="4">aut.</subfield>
  </datafield>
  <datafield tag="880" ind1="1" ind2="0">
    <subfield code="6">245-02/(3/r</subfield>
    <subfield code="a">نظم المتناثر في الحديث المتواتر /</subfield>
    <subfield code="c">تأليف الشيخ الإمام الفقيه المحدث العلامة المحقق أبي عبد الله محمد بن أبي الفيض جعفر الحسني الإدريسي الكتاني.</subfield>
  </datafield>
  <datafield tag="880" ind1=" " ind2="1">
    <subfield code="6">264-03/(3/r</subfield>
    <subfield code="a">حلب، سورية :</subfield>
    <subfield code="b">دار المعارف،</subfield>
    <subfield code="c">1328 هـ.، [1910؟ م.]</subfield>
  </datafield>
  <datafield tag="880" ind1=" " ind2=" ">
    <subfield code="6">300-04/(3/r</subfield>
    <subfield code="a">157 صفحة ؛</subfield>
    <subfield code="c">25 سم</subfield>
  </datafield>
  <datafield tag="907" ind1=" " ind2=" ">
    <subfield code="a">.b12350783</subfield>
    <subfield code="b">17-01-20</subfield>
    <subfield code="c">11-05-24</subfield>
  </datafield>
  <datafield tag="907" ind1=" " ind2=" ">
    <subfield code="a">.b12350783</subfield>
    <subfield code="b">15-10-15</subfield>
    <subfield code="c">11-05-24</subfield>
  </datafield>
  <datafield tag="945" ind1=" " ind2=" ">
    <subfield code="f">J</subfield>
    <subfield code="a">297.124:K62nA:c.1</subfield>
    <subfield code="i">01006204</subfield>
    <subfield code="j">.i12794983</subfield>
    <subfield code="l">u0503</subfield>
  </datafield>
  <datafield tag="998" ind1=" " ind2=" ">
    <subfield code="a">u05</subfield>
    <subfield code="b">97-02-16</subfield>
    <subfield code="c">m</subfield>
    <subfield code="d">a</subfield>
    <subfield code="e">-</subfield>
    <subfield code="f">ara</subfield>
    <subfield code="g">sy </subfield>
    <subfield code="h">0</subfield>
    <subfield code="i">1</subfield>
  </datafield>
</record>
</collection>
